@book{adams1995hitchhiker,
  title={The Hitchhiker's Guide to the Galaxy},
  author={Adams, D.},
  isbn={9781417642595},
  url={http://books.google.com/books?id=W-xMPgAACAAJ},
  year={1995},
  publisher={San Val}
}

@book{Lomax2001,
  title={Fundamentals of Computational Fluid Dynamics},
  author={Lomax, H. and Pulliam, T. and Zingg, D.},
  url={https://www.springer.com/gp/book/9783540416074},
  year={2001},
  publisher={Springer-Verlag}
}

@book{Griffies2019,
  title={A handbook for geophysical fluid mechanics with special topics in physical oceanography},
  author={Griffies, S. M.},
  url={https://stephengriffies.github.io/assets/pdfs/GFD_lecture_notes_02apr2019.pdf},
  year={2019}
}

% -- for Lecture 15
@ARTICLE{1974JCoPh..14..227H,
   author = {{Hirt}, C.~W. and {Amsden}, A.~A. and {Cook}, J.~L.},
    title = "{An Arbitrary Lagrangian-Eulerian Computing Method for All Flow Speeds}",
  journal = {Journal of Computational Physics},
     year = 1974,
    month = mar,
   volume = 14,
    pages = {227-253},
      doi = {10.1016/0021-9991(74)90051-5},
   adsurl = {http://adsabs.harvard.edu/abs/1974JCoPh..14..227H},
  adsnote = {Provided by the SAO/NASA Astrophysics Data System}
}


@article{GIBSON201745,
title = "Attribution of horizontal and vertical contributions to spurious mixing in an {Arbitrary Lagrangian–Eulerian} ocean model",
journal = "Ocean Modelling",
volume = "119",
pages = "45 - 56",
year = "2017",
issn = "1463-5003",
doi = "https://doi.org/10.1016/j.ocemod.2017.09.008",
url = "http://www.sciencedirect.com/science/article/pii/S1463500317301440",
author = "Angus H. Gibson and Andrew McC. Hogg and Andrew E. Kiss and Callum J. Shakespeare and Alistair Adcroft",
keywords = "Spurious mixing, Arbitrary Lagrangian–Eulerian, MOM6",
}
% -- end lecture 15

% -- for Lecture 20
@article{Pacanowski1987,
author = {Pacanowski, Ronald C.},
journal = {Notes and Correspondence},
pages = {833-838},
title = {{Effect of Equatorial Currents on Surface Stress}},
volume = {17},
year = {1987}
}
@article{Danabasoglu2014,
author = {Danabasoglu, Gokhan and Yeager, Steve G. and Bailey, David and Behrens, Erik and Bentsen, Mats and Bi, Daohua and Biastoch, Arne and Boning, Claus and Bozec, Alexandra and Canuto, Vittorio M. and Cassou, Christophe and Chassignet, Eric and Coward, Andrew C. and Danilov, Sergey and Diansky, Nikolay and Drange, Helge and Farneti, Riccardo and Fernandez, Elodie and Fogli, Pier Giuseppe and Forget, Gael and Fujii, Yosuke and Griffies, Stephen M. and Gusev, Anatoly and Heimbach, Patrick and Howard, Armando and Jung, Thomas and Kelley, Maxwell and Large, William G. and Leboissetier, Anthony and Lu, Jianhua and Madec, Gurvan and Marsland, Simon J. and Masina, Simona and Navarra, Antonio and {George Nurser}, A.J. and Pirani, Anna and y Melia, David Salas and Samuels, Bonita L. and Scheinert, Markus and Sidorenko, Dmitry and Treguier, Anne-Marie and Tsujino, Hiroyuki and Uotila, Petteri and Valcke, Sophie and Voldoire, Aurore and Wang, Qiang},
doi = {10.1016/j.ocemod.2013.10.005},
issn = {14635003},
journal = {Ocean Modelling},
keywords = {global ocean,ocean model comparisons,sea-ice modelling},
pages = {76--107},
publisher = {Elsevier Ltd},
title = {{North Atlantic simulations in Coordinated Ocean-ice Reference Experiments phase II (CORE-II). Part I: Mean states}},
volume = {73},
year = {2014}
}
@article{Downes2015,
author = {Downes, Stephanie M. and Farneti, Riccardo and Uotila, Petteri and Griffies, Stephen M. and Marsland, Simon J. and Bailey, David and Behrens, Erik and Bentsen, Mats and Bi, Daohua and Biastoch, Arne and Boning, Claus and Bozec, Alexandra and Canuto, Vittorio M. and Chassignet, Eric and Danabasoglu, Gokhan and Danilov, Sergey and Diansky, Nikolay and Drange, Helge and Fogli, Pier Giuseppe and Gusev, Anatoly and Howard, Armando and Ilicak, Mehmet and Jung, Thomas and Kelley, Maxwell and Large, William G. and Leboissetier, Anthony and Long, Matthew and Lu, Jianhua and Masina, Simona and Mishra, Akhilesh and Navarra, Antonio and {George Nurser}, A.J. and Patara, Lavinia and Samuels, Bonita L. and Sidorenko, Dmitry and Spence, Paul and Tsujino, Hiroyuki and Wang, Qiang and Yeager, Stephen G.},
doi = {10.1016/j.ocemod.2015.07.022},
issn = {14635003},
journal = {Ocean Modelling},
pages = {67--94},
title = {{An assessment of Southern Ocean water masses and sea ice during 1988–2007 in a suite of interannual CORE-II simulations}},
volume = {94},
year = {2015}
}
@article{Griffies2009,
author = {Griffies, Stephen M. and Biastoch, Arne and B{\"{o}}ning, Claus and Bryan, Frank and Danabasoglu, Gokhan and Chassignet, Eric P. and England, Matthew H. and Gerdes, R{\"{u}}diger and Haak, Helmuth and Hallberg, Robert W. and Hazeleger, Wilco and Jungclaus, Johann and Large, William G. and Madec, Gurvan and Pirani, Anna and Samuels, Bonita L. and Scheinert, Markus and Gupta, Alex Sen and Severijns, Camiel A. and Simmons, Harper L. and Treguier, Anne Marie and Winton, Mike and Yeager, Stephen and Yin, Jianjun},
doi = {10.1016/j.ocemod.2008.08.007},
issn = {14635003},
journal = {Ocean Modelling},
keywords = {global ocean-ice modelling},
number = {1-2},
pages = {1--46},
publisher = {Elsevier Ltd},
title = {{Coordinated Ocean-ice Reference Experiments (COREs)}},
volume = {26},
year = {2009}
}
@article{Tsujino2018,
author = {Tsujino, Hiroyuki and Urakawa, Shogo and Nakano, Hideyuki and {Justin Small}, R. and Kim, Who M. and Yeager, Stephen G. and Danabasoglu, Gokhan and Suzuki, Tatsuo and Bamber, Jonathan L. and Bentsen, Mats and B{\"{o}}ning, Claus and Bozec, Alexandra and Chassignet, Eric and Curchitser, Enrique and {Boeira Dias}, Fabio and Durack, Paul J. and Griffies, Stephen M. and Harada, Yayoi and Ilicak, Mehmet and Josey, Simon A. and Kobayashi, Chiaki and Kobayashi, Shinya and Komuro, Yoshiki and Large, William G. and {Le Sommer}, Julien and Marsland, Simon J. and Masina, Simona and Scheinert, Markus and Tomita, Hiroyuki and Valdivieso, Maria and Yamazaki, Dai},
doi = {10.1016/j.ocemod.2018.07.002},
issn = {14635003},
journal = {Ocean Modelling},
pages = {79--139},
title = {{JRA-55 based surface dataset for driving ocean - sea-ice models (JRA55-do)}},
url = {https://linkinghub.elsevier.com/retrieve/pii/S146350031830235X},
volume = {130},
year = {2018}
}
@article{Large2008,
author = {Large, W. G. and Yeager, S. G.},
doi = {10.1007/s00382-008-0441-3},
issn = {0930-7575},
journal = {Climate Dynamics},
number = {2-3},
pages = {341--364},
title = {{The global climatology of an interannually varying air-sea flux data set}},
volume = {33},
year = {2009}
}
@techreport{Griffies2015b,
author = {Griffies, Stephen M and Levy, Michael and Adcroft, Alistair J and Danabasoglu, Gokhan and Hallberg, Robert W and Jacobsen, Doug and Large, William and Ringler, Todd},
number = {CVMix},
pages = {98},
title = {{Theory and Numerics of the Community Ocean Vertical Mixing (CVMix) Project}},
year = {2015}
}
@article{Payne1972,
author = {Payne, Richard E},
file = {:Users/bfdias/Dropbox/PhD papers/Payne1972.pdf:pdf},
journal = {Journal of the Atmospheric Sciences},
pages = {959--970},
title = {{Albedo of the Sea Surface}},
volume = {29},
year = {1972}
}
@article{Large2004,
abstract = {Climatological seasonal cycles, Flux},
author = {Large, W G and Yeager, S G},
doi = {10.5065/D6KK98Q6},
file = {:Users/bfdias/Dropbox/PhD papers/Large{\&}Yeager2004.pdf:pdf},
journal = {NCAR Tech. Note},
keywords = {Climate and Global Dynamics Divis,NCAR/TN-460+STR},
number = {May},
pages = {105pp},
title = {{Diurnal to decadal global forcing for ocean and sea--ice models: {\{}The{\}} data sets and flux climatologies.}},
volume = {TN--460+ST},
year = {2004}
}
% -- end lecture 20